<record><leader>00000nas a2200000 i 4500</leader><controlfield tag="001">965823508</controlfield><controlfield tag="006">m     o  d        </controlfield><controlfield tag="007">cr |||||||||||</controlfield><controlfield tag="008">161213d191819uutnudn neo     0   a0eng  </controlfield><datafield ind1=" " ind2=" " tag="010"><subfield code="a">  2016271259</subfield></datafield><datafield ind1=" " ind2=" " tag="040"><subfield code="a">DLC</subfield><subfield code="b">eng</subfield><subfield code="e">rda</subfield><subfield code="c">DLC</subfield></datafield><datafield ind1="0" ind2=" " tag="022"><subfield code="a">2475-3319</subfield><subfield code="2">1</subfield></datafield><datafield ind1=" " ind2=" " tag="042"><subfield code="a">pcc</subfield><subfield code="a">nsdp</subfield></datafield><datafield ind1=" " ind2=" " tag="043"><subfield code="a">n-us-tn</subfield></datafield><datafield ind1="1" ind2="0" tag="050"><subfield code="a">ISSN RECORD</subfield></datafield><datafield ind1="1" ind2="0" tag="082"><subfield code="a">071</subfield><subfield code="2">23</subfield></datafield><datafield ind1="0" ind2=" " tag="130"><subfield code="a">Johnson City comet (Johnson City, Tenn. : Daily : 1918)</subfield></datafield><datafield ind1=" " ind2="0" tag="222"><subfield code="a">Johnson City comet</subfield><subfield code="b">(Johnson City, Tenn. Daily.1918. Online)</subfield></datafield><datafield ind1="1" ind2="0" tag="245"><subfield code="a">Johnson City comet.</subfield></datafield><datafield ind1="3" ind2="0" tag="246"><subfield code="a">Comet</subfield></datafield><datafield ind1=" " ind2="1" tag="264"><subfield code="a">Johnson City, Tennessee :</subfield><subfield code="b">[Cy H. Lyle]</subfield></datafield><datafield ind1=" " ind2=" " tag="300"><subfield code="a">1 online resource</subfield></datafield><datafield ind1=" " ind2=" " tag="310"><subfield code="a">Daily (except Mon.)</subfield></datafield><datafield ind1=" " ind2=" " tag="336"><subfield code="a">text</subfield><subfield code="b">txt</subfield><subfield code="2">rdacontent</subfield></datafield><datafield ind1=" " ind2=" " tag="337"><subfield code="a">computer</subfield><subfield code="b">c</subfield><subfield code="2">rdamedia</subfield></datafield><datafield ind1=" " ind2=" " tag="338"><subfield code="a">online resource</subfield><subfield code="b">cr</subfield><subfield code="2">rdacarrier</subfield></datafield><datafield ind1="1" ind2=" " tag="362"><subfield code="a">Began in 1918.</subfield></datafield><datafield ind1=" " ind2=" " tag="500"><subfield code="a">Editor: W.M. Beasley, &lt;1918&gt;</subfield></datafield><datafield ind1=" " ind2=" " tag="580"><subfield code="a">Publication of a daily edition had ceased in 1911 with: Johnson City comet (Johnson City, Tenn. : Daily : 1910).</subfield></datafield><datafield ind1=" " ind2=" " tag="588"><subfield code="a">Description based on: Volume 1, no. 10 (February 2, 1918); title from masthead (Chroniclingamerica.loc.gov, viewed December 13, 2016).</subfield></datafield><datafield ind1=" " ind2=" " tag="588"><subfield code="a">Latest issue consulted: Volume 1, no. 10 (February 2, 1918) (Chroniclingamerica.loc.gov, viewed December 13, 2016).</subfield></datafield><datafield ind1=" " ind2="0" tag="651"><subfield code="a">Johnson City (Tenn.)</subfield><subfield code="v">Newspapers.</subfield></datafield><datafield ind1=" " ind2="0" tag="651"><subfield code="a">Washington County (Tenn.)</subfield><subfield code="v">Newspapers.</subfield></datafield><datafield ind1=" " ind2="7" tag="651"><subfield code="a">Tennessee</subfield><subfield code="z">Johnson City.</subfield><subfield code="2">fast</subfield><subfield code="0">(OCoLC)fst01205644</subfield></datafield><datafield ind1=" " ind2="7" tag="651"><subfield code="a">Tennessee</subfield><subfield code="z">Washington County.</subfield><subfield code="2">fast</subfield><subfield code="0">(OCoLC)fst01234578</subfield></datafield><datafield ind1=" " ind2="7" tag="655"><subfield code="a">Newspapers.</subfield><subfield code="2">fast</subfield><subfield code="0">(OCoLC)fst01423814</subfield></datafield><datafield ind1=" " ind2=" " tag="752"><subfield code="a">United States</subfield><subfield code="b">Tennessee</subfield><subfield code="c">Washington</subfield><subfield code="d">Johnson City.</subfield></datafield><datafield ind1="0" ind2=" " tag="775"><subfield code="t">Comet (Johnson City, Tenn. : Weekly : 1917)</subfield></datafield><datafield ind1="0" ind2="8" tag="776"><subfield code="i">Originally issued in print:</subfield><subfield code="t">Johnson City comet (Johnson City, Tenn. : Daily : 1918)</subfield><subfield code="x">2475-3300</subfield><subfield code="w">(DLC)sn 98069808</subfield><subfield code="w">(OCoLC)40163369</subfield></datafield><datafield ind1="1" ind2=" " tag="787"><subfield code="t">Johnson City comet (Johnson City, Tenn. : Daily : 1910)</subfield></datafield><datafield ind1="4" ind2="0" tag="856"><subfield code="u">http://chroniclingamerica.loc.gov/lccn/sn98069808/issues/</subfield></datafield></record>